@Misc{mpich,
  title =        "{{MPICH} | High-Performance Portable {MPI}}",
  howpublished = "\url{http://www.mpich.org}",
  year =         "2014",
  author =       "{Argonne National Laboratory}",
}

@Misc{mira,
  title =        "{Mira Supercomputer}",
  howpublished = "\url{https://www.alcf.anl.gov/mira}",
  year =         "2012",
  author =       "{Argonne National Laboratory}",
}

@Misc{aurora,
  title =        "{Aurora Supercomputer}",
  howpublished = "\url{http://aurora.alcf.anl.gov}",
  year =         "2015",
  author =       "{Argonne National Laboratory}",
}

@Misc{roadrunner,
  title =        "{Roadrunner Supercomputer}",
  howpublished = "\url{http://www.top500.org/featured/top-systems/roadrunner-los-alamos-national-laboratory/}",
  year =         "2008",
}

@Misc{ascired,
  title =        "{ASCI Red Supercomputer}",
  howpublished = "\url{http://www.top500.org/system/168753}",
  year =         "1996",
}

@Misc{kiki,
  title =        "{Kiki: Massively Parallel Genome Assembly}",
  howpublished = "\url{http://kbase.us}",
  year =         "2012",
  author =       "{F. Xia and R. Stevens}",
}

@Article{gfmc,
  title =        "{Green's Function Monte Carlo Study of Light Nuclei}",
  author =       "J. Carlson",
  journal =      "Phys. Rev. C",
  volume =       "36",
  issue =        "5",
  pages =        "2026--2033",
  numpages =     "0",
  year =         "1987",
  month =        nov,
  publisher =    "American Physical Society",
  DOI =          "10.1103/PhysRevC.36.2026",
  URL =          "http://link.aps.org/doi/10.1103/PhysRevC.36.2026",
}

@Article{nwchem,
  title =        "{NWChem: A Comprehensive and Scalable Open-Source
                 Solution for Large Scale Molecular Simulations}",
  journal =      "Computer Physics Communications",
  volume =       "181",
  number =       "9",
  pages =        "1477--1489",
  year =         "2010",
  note =         "",
  ISSN =         "0010-4655",
  DOI =          "http://dx.doi.org/10.1016/j.cpc.2010.04.018",
  URL =          "http://www.sciencedirect.com/science/article/pii/S0010465510001438",
  author =       "M. Valiev and E. J. Bylaska and N. Govind and K.
                 Kowalski and T. P. Straatsma and H. J. J. Van Dam and
                 D. Wang and J. Nieplocha and E. Apra and T. L. Windus
                 and W. A. de Jong",
  keywords =     "NWChem",
  keywords =     "DFT",
  keywords =     "Coupled cluster",
  keywords =     "QMMM",
  keywords =     "Plane wave methods",
}

@Misc{knightsferry,
  title =        "Architecture Support for HPC Applications",
  author =       "Pradeep Dubey and Ronak Singhal",
  howpublished = "Intel Develop Forum 2010",
}

@Misc{mic,
  title =        "{Many Integrated Core ({MIC}) Architecture ---
                 Advanced}",
  author =       "{Intel Corporation}",
  organization = "Intel Corporation",
  howpublished = "\url{http://www.intel.com/content/www/us/en/architecture-and-technology/many-integrated-core/intel-many-integrated-core-architecture.html}",
  year =         "2013",
}

@Misc{knightscorner,
  title =        "Intel Insights at SC11",
  organization = "Intel Corporation",
  howpublished = "\url{http://newsroom.intel.com/servlet/JiveServlet/download/38-6968/Intel_SC11_presentation.pdf}",
}

@Misc{echelon,
  title =        "GPU Computing To Exascale and Beyond",
  author =       "Bill Dally",
  howpublished = "\url{http://www.nvidia.com/content/PDF/sc_2010/theater/Dally_SC10.pdf}",
}

@Misc{tacc,
  title =        "TACC Collaborates with Intel to Accelerate Open
                 Science Research Using Intel MIC Processor Line",
  author =       "{Texas Advanced Computing Center}",
  howpublished = "\url{http://www.tacc.utexas.edu/news/press-releases/intel-collaboration}",
}

@Misc{kirk2011,
  author =       "Kirk Skaugen",
  title =        "Cloud Computing Briefing - Intel Data Center Vision",
  organization = "Intel Corporation",
  howpublished = "{http://download.intel.com/newsroom/kits/idf/2011_fall/pdfs/Kirk_Skaugen_DCSG_MegaBriefing.pdf}",
  year =         "2011",
  month =        September,
}

@Misc{gpudirect,
  title =        "NVIDIA GPUDirect\textsuperscript{\texttrademark}
                 Technology - Accelerating GPU-based Systems",
  howpublished = "\url{http://www.mellanox.com/pdf/whitepapers/TB_GPU_Direct.pdf}",
}

@Standard{ibintro,
  title =        "{InfiniBand}\textsuperscript{\texttrademark}
                 Architecture Specification, Volume 1, Release 1.2.1",
  howpublished = "\url{http://members.infinibandta.org/kwspub/spec/vol1r1_2.zip}",
  organization = "InfiniBand Trade Association",
  year =         "2007",
}

@Misc{top500,
  title =        "TOP500 Supercomputing Sites",
  howpublished = "\url{http://www.top500.org}",
}

@InProceedings{mvapich2_gpu,
  author =       "Hao Wang and S. Potluri and Miao Luo and A. K. Singh
                 and Xiangyong Ouyang and S. Sur and D. K. Panda",
  booktitle =    "Proceedings of IEEE International Conference on
                 Cluster Computing (CLUSTER)",
  title =        "Optimized Non-contiguous MPI Datatype Communication
                 for GPU Clusters: Design, Implementation and Evaluation
                 with MVAPICH2",
  year =         "2011",
  month =        sept,
  pages =        "308--316",
  keywords =     "GPU clusters;GPU memory;InfiniBand;MPI
                 interface;MVAPICH2 MPI library;NVIDIA Fermi GPU
                 adapters;RoCE cluster;data communication;data
                 movement;data parallel architectures;data type
                 packing;general purpose graphics units;high end
                 computing;high performance communication
                 support;iWARP;multidimensional data;noncontiguous GPU
                 data;noncontiguous MPI data type
                 communication;noncontiguous data types;programmer
                 productivity;coprocessors;data communication;",
  DOI =          "10.1109/CLUSTER.2011.42",
}

@Misc{mlx4-inter,
  title =        "Mellanox OpenFabrics Enterprise Distribution for Linux
                 (MLNX\_OFED)",
  howpublished = "\url{http://www.mellanox.com/content/pages.php?pg=products_dyn&product_family=26&menu_section=34}",
}

@InProceedings{opiom,
  author =       "P. Geoffray",
  booktitle =    "Proceedings of First IEEE/ACM International Symposium
                 on Cluster Computing and the Grid",
  title =        "OPIOM: off-processor IO with Myrinet",
  year =         "2001",
  pages =        "261--268",
  keywords =     "Fiber Channel;Myrinet;Myrinet interface;OPIOM;SCSI
                 disks;cluster computing;communication
                 network;datasets;dedicated storage area
                 network;embedded memory;high performance IO;high
                 performance storage sub-systems;host overhead;kernel
                 level;off-processor IO;parallel file-system
                 community;regular IO design;remote node;storage
                 network;input-output programs;parallel
                 programming;peripheral interfaces;workstation
                 clusters;",
  DOI =          "10.1109/CCGRID.2001.923202",
}

@InProceedings{dcfa,
  author =       "Min Si and Yutaka Ishikawa",
  title =        "Design of Direct Communication Facility for Many-Core
                 based Accelerators",
  booktitle =    "International Parallel and Distributed Processing
                 Symposium Workshops",
  year =         "2012",
  pages =        "918",
  keywords =     "direct communication; many-core;
                 infiniband;accelerator;",
  DOI =          "10.1109/IPDPSW.2012.113",
}

@Misc{intelmpi-pm,
  title =        "Programming Models for Intel Xeon processors and Intel
                 MIC Architecture",
  author =       "Scott McMillan",
  howpublished = "\url{http://www.tacc.utexas.edu/documents/13601/d9d58515-5c0a-429d-8a3f-85014e9e4dab}",
}

@Misc{scif,
  title =        "Intel(R) Many Integrated Core (MIC) Platform Software
                 Stack (MPSS) Knights Corner PCI* Express Co-processor
                 Card Software Development Platform",
  howpublished = "\url{http://registrationcenter.intel.com/irc_nas/2618/readme.txt}",
}

@InProceedings{fgmpi,
  author =       "Humaira Kamal and Alan Wagner",
  title =        "An integrated runtime scheduler for MPI",
  booktitle =    "Proceedings of the 19th European conference on Recent
                 Advances in the Message Passing Interface",
  series =       "EuroMPI'12",
  year =         "2012",
  location =     "Vienna, Austria",
  pages =        "173--182",
  numpages =     "10",
  URL =          "http://dx.doi.org/10.1007/978-3-642-33518-1_22",
  DOI =          "10.1007/978-3-642-33518-1_22",
  acmid =        "2404061",
  publisher =    "Springer-Verlag",
  address =      "Berlin, Heidelberg",
  keywords =     "MPI runtime, MPI-aware scheduler, MPICH2, fine-grain,
                 function-level parallelism",
}

@Misc{intelopenmp,
  title =        "{Intel(R)} {OpenMP} Runtime Library",
  howpublished = "\url{http://www.openmprtl.org}",
  year =         "2013",
  author =       "{Intel Corporation}",
}

@InProceedings{mpi-dataloop,
  author =       "Robert Ross and Neill Miller",
  title =        "{Implementing Fast and Reusable Datatype Processing}",
  booktitle =    "In EuroPVM/MPI",
  year =         "2003",
  pages =        "404--413",
  publisher =    "Springer Verlag",
}

@InProceedings{mpich-lmt,
  author =       "Darius Buntinas and Guillaume Mercier",
  title =        "{Implementation and Shared-Memory Evaluation of MPICH2
                 over the Nemesis Communication Subsystem}",
  booktitle =    "Euro PVM/MPI",
  year =         "2006",
}

@InProceedings{mpi-kernel-intra,
  author =       "H Jin and Sayantan Sur and Lei Chai and Dhabaleswar K.
                 Panda",
  title =        "{LiMIC}: Support for high-performance {MPI} intra-node
                 communication on {Linux} cluster",
  booktitle =    "In International Conference on Parallel Processing
                 (ICPP)",
  year =         "2005",
  pages =        "184--191",
}

@InProceedings{graph500,
  author =       "Richard C. Murphy and Kyle B. Wheeler and Brian W.
                 Barrett and James A. Ang",
  title =        "{Introducing the Graph 500}",
  booktitle =    "Proceedings of the Cray User's Group Meeting (CUG)",
  year =         "2010",
  month =        may,
}

@Article{end_moore,
  title =        "End of {Moore's} law: thermal (noise) death of
                 integration in micro and nano electronics",
  journal =      "Physics Letters A",
  volume =       "305",
  number =       "3--4",
  pages =        "144--149",
  year =         "2002",
  author =       "Laszlo B Kish",
}

@Article{openmp,
  title =        "{OpenMP: An Industry Standard API for Shared-Memory
                 Programming}",
  author =       "Leonardo Dagum and Ramesh Menon",
  journal =      "IEEE Computational Science \& Engineering",
  volume =       "5",
  number =       "1",
  pages =        "46--55",
  year =         "1998",
  publisher =    "IEEE",
}

@Book{pthreads,
  title =        "Threads Extension for Portable Operating Systems",
  author =       "{IEEE Computer Society. Technical Committee on
                 Operating Systems and Institute of Electrical and
                 Electronics Engineers}",
  year =         "1990",
  publisher =    "IEEE",
}

@Manual{cuda55,
  author =       "{NVIDIA Corporation}",
  title =        "CUDA Runtime API - API Reference Manual v5.5",
  year =         "2013",
  month =        jul,
}

@Book{opencl,
  editor =       "Aaftab Munshi",
  title =        "The {OpenCL} Specification Version 1.2",
  publisher =    "Khronos OpenCL Working Group",
  year =         "2011",
  month =        Nov,
}

@TechReport{mpi,
  title =        "{MPI}: A Message-Passing Interface Standard",
  author =       "{Message Passing Interface Forum}",
  year =         "2012",
  month =        sep,
  institution =  "Message Passing Interface Forum",
}

@InCollection{hybrid1,
  title =        "{Early Experiments with the OpenMP/MPI Hybrid
                 Programming Model}",
  author =       "Ewing Lusk and Anthony Chan",
  booktitle =    "OpenMP in a New Era of Parallelism",
  pages =        "36--47",
  year =         "2008",
  publisher =    "Springer",
}

@Article{hybrid2,
  title =        "{Development and Performance of a Mixed OpenMP/MPI
                 Quantum Monte Carlo Code}",
  author =       "Lorna Smith and Paul Kent",
  journal =      "Concurrency Practice and Experience",
  volume =       "12",
  number =       "12",
  pages =        "1121--1129",
  year =         "2000",
  publisher =    "Citeseer",
}

@InProceedings{hybrid3,
  title =        "{A Novel FDTD Application Featuring OpenMP-MPI Hybrid
                 Parallelization}",
  author =       "Mehmet F Su and Ihab El-Kady and David A Bader and S-Y
                 Lin",
  booktitle =    "International Conference on Parallel Processing
                 (ICPP)",
  pages =        "373--379",
  year =         "2004",
  organization = "IEEE",
}

@TechReport{knc,
  title =        "{Intel Xeon Phi Coprocessor - The Architecture}",
  author =       "George Chrysos",
  year =         "2012",
  month =        sep,
  type =         "White paper",
  institution =  "Intel Corporation",
}

@Article{hybrid,
  title =        "Communication and optimization aspects of parallel
                 programming models on hybrid architectures",
  author =       "Rolf Rabenseifner and Gerhard Wellein",
  journal =      "International Journal of High Performance Computing
                 Applications",
  volume =       "17",
  number =       "1",
  pages =        "49--62",
  year =         "2003",
  publisher =    "SAGE Publications",
}

@InProceedings{torsten_hybrid,
  title =        "Hybrid {MPI}: Efficient Message Passing for Multi-core
                 Systems",
  author =       "Andrew Friedley and Greg Bronevetsky and Torsten
                 Hoefler and Andrew Lumsdaine",
  booktitle =    "The International Conference for High Performance
                 Computing, Networking, Storage and Analysis (SC13)",
  year =         "2013",
  month =        nov,
}

@Article{test_hybrid,
  title =        "{Test Suite for Evaluating Performance of
                 Multithreaded MPI Communication}",
  author =       "Rajeev Thakur and William Gropp",
  journal =      "Parallel Computing",
  volume =       "35",
  number =       "12",
  pages =        "608--617",
  year =         "2009",
  publisher =    "Elsevier",
}

@InProceedings{hybrid_comparing,
  title =        "{Comparing the OpenMP, MPI, and Hybrid Programming
                 Paradigms on an SMP Cluster}",
  author =       "Gabriele Jost and Haoqiang Jin and Dieter an Mey and
                 Ferhat F Hatay",
  booktitle =    "Proceedings of EWOMP",
  volume =       "3",
  year =         "2003",
}

@InProceedings{hybrid_smp,
  title =        "Hybrid {MPI}\slash {OpenMP} parallel programming on
                 clusters of multi-core {SMP} nodes",
  author =       "Rolf Rabenseifner and Georg Hager and Gabriele Jost",
  booktitle =    "17th Euromicro International Conference on Parallel,
                 Distributed and Network-based Processing",
  pages =        "427--436",
  year =         "2009",
  organization = "IEEE",
}

@Article{more_hybrid,
  title =        "{Development of Mixed Mode MPI$\slash$OpenMP
                 Applications}",
  author =       "Lorna Smith and Mark Bull",
  journal =      "Scientific Programming",
  volume =       "9",
  number =       "2",
  pages =        "83--98",
  year =         "2001",
  publisher =    "IOS Press",
}

@Article{halo,
  title =        "{The NRL Layered Ocean Model}",
  journal =      "Parallel Computing",
  volume =       "23",
  number =       "14",
  pages =        "2227--2242",
  year =         "1997",
  note =         "Parallel computing in regional weather modeling",
  ISSN =         "0167-8191",
  DOI =          "http://dx.doi.org/10.1016/S0167-8191(97)00111-7",
  URL =          "http://www.sciencedirect.com/science/article/pii/S0167819197001117",
  author =       "Alan J. Wallcraft and Daniel R. Moore",
  keywords =     "Ocean modeling",
  keywords =     "Tiled data parallel",
  keywords =     "Data parallel",
  keywords =     "Software portability",
}

@Misc{ofed,
  title =        "{OpenFabrics Alliance}",
  howpublished = "\url{http://www.openfabrics.org}",
  year =         "2013",
  author =       "{OpenFabrics Alliance}",
}

@Misc{osumb,
  author =       "{The Ohio State University}",
  title =        "{OSU Micro-Benchmarks}",
  howpublished = "http://mvapich.cse.ohio-state.edu/benchmarks",
  year =         "2013",
}

@Misc{icc_guide,
  author =       "{Intel Corporation}",
  title =        "{Intel(R) C++ Compiler XE 13.1 User and Reference
                 Guide}",
  howpublished = "\url{http://software.intel.com/sites/products/documentation/doclib/stdxe/2013/composerxe/compiler/cpp-mac/index.htm}",
}

@Article{hoefler13:mpi+mpi,
  author =       "Torsten Hoefler and James S. Dinan and Darius T.
                 Buntinas and Pavan Balaji and Brian Barrett and Ronald
                 Brightwell and William D. Gropp and Vivek Kale and
                 Rajeev S. Thakur",
  title =        "{MPI+MPI: A New, Hybrid Approach to Parallel
                 Programming with MPI Plus Shared Memory}",
  journal =      "Springer Journal of Computing; special issue of Euro
                 MPI",
  year =         "2013",
}

@InProceedings{dinan13:endpoints,
  author =       "James S. Dinan and Pavan Balaji and David J. Goodell
                 and Douglas Miller and Marc Snir and Rajeev S. Thakur",
  title =        "{Enabling MPI Interoperability Through Flexible
                 Communication Endpoints}",
  booktitle =    "Euro MPI",
  year =         "2013",
}

@InProceedings{hoefler12:mpi_shared_mem,
  author =       "Torsten Hoefler and James S. Dinan and Darius T.
                 Buntinas and Pavan Balaji and Brian Barrett and Ronald
                 Brightwell and William D. Gropp and Vivek Kale and
                 Rajeev S. Thakur",
  title =        "{Leveraging MPI's One-Sided Communication Interface
                 for Shared-Memory Programming}",
  booktitle =    "Euro MPI",
  year =         "2012",
  month =        sep,
  address =      "Vienna, Austria",
}

@InProceedings{balaji08:mpi_threads,
  author =       "Pavan Balaji and Darius T. Buntinas and David J.
                 Goodell and William D. Gropp and Rajeev S. Thakur",
  title =        "{Toward Efficient Support for Multithreaded MPI
                 Communication}",
  booktitle =    "Euro PVM/MPI",
  year =         "2008",
}

@InProceedings{dozsa10:mpi_threads_bg,
  author =       "Gabor Dozsa and Sameer Kumar and Pavan Balaji and
                 Darius T. Buntinas and David J. Goodell and William D.
                 Gropp and Joseph Ratterman and Rajeev S. Thakur",
  title =        "{Enabling Concurrent Multithreaded MPI Communication
                 on Multicore Petascale Systems}",
  booktitle =    "Euro MPI",
  year =         "2010",
}

@InProceedings{goodell10:threads_resource_contention,
  author =       "David J. Goodell and Pavan Balaji and Darius T.
                 Buntinas and Gabor Dozsa and William D. Gropp and
                 Sameer Kumar and Bronis R. de Supinski and Rajeev S.
                 Thakur",
  title =        "{Minimizing MPI Resource Contention in Multithreaded
                 Multicore Environments}",
  booktitle =    "IEEE Cluster",
  year =         "2010",
}

@Article{cuda,
  author =       "John Nickolls and Ian Buck and Michael Garland and
                 Kevin Skadron",
  title =        "{Scalable Parallel Programming with CUDA}",
  journal =      "Queue",
  volume =       "6",
  number =       "2",
  month =        mar,
  year =         "2008",
  ISSN =         "1542-7730",
  pages =        "40--53",
  numpages =     "14",
  DOI =          "10.1145/1365490.1365500",
  acmid =        "1365500",
  publisher =    "ACM",
  address =      "New York, NY, USA",
}

@Misc{stampede,
  title =        "{Texas Advanced Computing Center - Stampede
                 supercomputer}",
  howpublished = "https://www.tacc.utexas.edu/stampede/",
}

@Article{npb,
  author =       "D. H. Bailey and E. Barszcz and J. T. Barton and D. S.
                 Browning and R. L. Carter and R. A. Fatoohi and P. O.
                 Frederickson and T. A. Lasinski and H. D. Simon and V.
                 Venkatakrishnan and S. K. Weeratunga",
  title =        "{The NAS Parallel Benchmarks}",
  journal =      "The International Journal of Supercomputer
                 Applications",
  year =         "1991",
}

@InProceedings{rtcomp-ddt,
  author =       "T. Schneider and F. Kjolstad and T. Hoefler",
  title =        "{MPI Datatype Processing using Runtime Compilation}",
  year =         "2013",
  month =        Sep,
  location =     "Madrid, Spain",
  note =         "Accepted at EuroMPI'13",
  source =       "http://www.unixer.de/~htor/publications/",
}

@InCollection{mpitypes,
  year =         "2009",
  booktitle =    "Recent Advances in Parallel Virtual Machine and
                 Message Passing Interface",
  volume =       "5759",
  series =       "Lecture Notes in Computer Science",
  DOI =          "10.1007/978-3-642-03770-2_11",
  title =        "Processing MPI Datatypes Outside MPI",
  URL =          "http://dx.doi.org/10.1007/978-3-642-03770-2_11",
  publisher =    "Springer Berlin Heidelberg",
  author =       "Robert Ross and Robert Latham and William Gropp and
                 Ewing Lusk and Rajeev Thakur",
  pages =        "42--53",
}

@InCollection{memopt-ddt,
  year =         "2006",
  booktitle =    "Recent Advances in Parallel Virtual Machine and
                 Message Passing Interface",
  volume =       "4192",
  series =       "Lecture Notes in Computer Science",
  DOI =          "10.1007/11846802_36",
  title =        "Automatic Memory Optimizations for Improving MPI
                 Derived Datatype Performance",
  URL =          "http://dx.doi.org/10.1007/11846802_36",
  publisher =    "Springer Berlin Heidelberg",
  keywords =     "MPI; derived datatypes; MPI performance optimization",
  author =       "Surendra Byna and Xian-He Sun and Rajeev Thakur and
                 William Gropp",
  pages =        "238--246",
}

@InProceedings{mpich-ibnetmod,
  author =       "Masamichi Takagi and Yuichi Nakamura and Atsushi Hori
                 and Balazs Gerofi and Yutaka Ishikawa",
  title =        "{Revisiting Rendezvous Protocols in the Context of
                 RDMA-capable Host Channel Adapters and Many-core
                 Processors}",
  booktitle =    "Euro MPI",
  year =         "2013",
}

@Article{olivier12:openmp_qthreads,
  author =       "Stephen Olivier and Allan Porterfield and Kyle Wheeler
                 and Michael Spiegel and Jan Prins",
  title =        "{OpenMP Task Scheduling Strategies for Multicore NUMA
                 Systems}",
  journal =      "The International Journal of High Performance
                 Computing Applications",
  year =         "2012",
  number =       "26(2)",
  pages =        "110--124",
  month =        may,
}

@Misc{knightsferry,
  title =        "Architecture Support for {HPC} Applications",
  author =       "Pradeep Dubey and Ronak Singhal",
  howpublished = "Intel Develop Forum 2010",
}

@Misc{knightscorner,
  title =        "Intel Insights at {SC11}",
  organization = "Intel Corporation",
  howpublished = "\url{http://newsroom.intel.com/servlet/JiveServlet/download/38-6968/Intel_SC11_presentation.pdf}",
}

@Misc{echelon,
  title =        "{GPU} Computing To Exascale and Beyond",
  author =       "Bill Dally",
  howpublished = "\url{http://www.nvidia.com/content/PDF/sc_2010/theater/Dally_SC10.pdf}",
}

@Misc{tacc,
  title =        "{TACC} Collaborates with Intel to Accelerate Open
                 Science Research Using Intel {MIC} Processor Line",
  author =       "{Texas Advanced Computing Center}",
  howpublished = "\url{http://www.tacc.utexas.edu/news/press-releases/intel-collaboration}",
}

@Misc{kirk2011,
  author =       "Kirk Skaugen",
  title =        "Cloud Computing Briefing - Intel Data Center Vision",
  organization = "Intel Corporation",
  howpublished = "{http://download.intel.com/newsroom/kits/idf/2011_fall/pdfs/Kirk_Skaugen_DCSG_MegaBriefing.pdf}",
  year =         "2011",
  month =        September,
}

@Misc{gpudirect,
  title =        "{NVIDIA} {GPUD}irect\textsuperscript{\texttrademark}
                 Technology - Accelerating {GPU}-based Systems",
  howpublished = "\url{http://www.mellanox.com/pdf/whitepapers/TB_GPU_Direct.pdf}",
}

@Standard{ibintro,
  title =        "{InfiniBand}\textsuperscript{\texttrademark}
                 {Architecture Specification, Volume 1, Release 1.2.1}",
  howpublished = "\url{http://members.infinibandta.org/kwspub/spec/vol1r1_2.zip}",
  organization = "InfiniBand Trade Association",
  year =         "2007",
}

@Misc{top500,
  title =        "{TOP500} Supercomputing Sites",
  howpublished = "\url{http://www.top500.org}",
}

@InProceedings{mvapich2_gpu,
  author =       "Hao Wang and S. Potluri and Miao Luo and A. K. Singh
                 and Xiangyong Ouyang and S. Sur and D. K. Panda",
  booktitle =    "Proceedings of IEEE International Conference on
                 Cluster Computing (CLUSTER)",
  title =        "Optimized Non-contiguous {MPI} Datatype Communication
                 for {GPU} Clusters: Design, Implementation and
                 Evaluation with {MVAPICH2}",
  year =         "2011",
  month =        sept,
  pages =        "308--316",
  keywords =     "GPU clusters;GPU memory;InfiniBand;MPI
                 interface;MVAPICH2 MPI library;NVIDIA Fermi GPU
                 adapters;RoCE cluster;data communication;data
                 movement;data parallel architectures;data type
                 packing;general purpose graphics units;high end
                 computing;high performance communication
                 support;iWARP;multidimensional data;noncontiguous GPU
                 data;noncontiguous MPI data type
                 communication;noncontiguous data types;programmer
                 productivity;coprocessors;data communication;",
  DOI =          "10.1109/CLUSTER.2011.42",
}

@Misc{mlx4-inter,
  title =        "Mellanox OpenFabrics Enterprise Distribution for Linux
                 ({MLNX}\_{OFED})",
  howpublished = "\url{http://www.mellanox.com/content/pages.php?pg=products_dyn&product_family=26&menu_section=34}",
}

@InProceedings{opiom,
  author =       "P. Geoffray",
  booktitle =    "Proceedings of First IEEE/ACM International Symposium
                 on Cluster Computing and the Grid",
  title =        "{OPIOM}: off-processor {IO} with Myrinet",
  year =         "2001",
  pages =        "261--268",
  keywords =     "Fiber Channel;Myrinet;Myrinet interface;OPIOM;SCSI
                 disks;cluster computing;communication
                 network;datasets;dedicated storage area
                 network;embedded memory;high performance IO;high
                 performance storage sub-systems;host overhead;kernel
                 level;off-processor IO;parallel file-system
                 community;regular IO design;remote node;storage
                 network;input-output programs;parallel
                 programming;peripheral interfaces;workstation
                 clusters;",
  DOI =          "10.1109/CCGRID.2001.923202",
}

@InProceedings{dcfa,
  author =       "Min Si and Yutaka Ishikawa",
  title =        "Design of Direct Communication Facility for Many-Core
                 based Accelerators",
  booktitle =    "International Parallel and Distributed Processing
                 Symposium Workshops",
  year =         "2012",
  pages =        "918",
  keywords =     "direct communication; many-core;
                 infiniband;accelerator;",
  DOI =          "10.1109/IPDPSW.2012.113",
}

@Misc{intelmpi-pm,
  title =        "Programming Models for Intel Xeon processors and Intel
                 {MIC} Architecture",
  author =       "Scott McMillan",
  howpublished = "\url{http://www.tacc.utexas.edu/documents/13601/d9d58515-5c0a-429d-8a3f-85014e9e4dab}",
}

@Misc{scif,
  title =        "Intel({R}) Many Integrated Core ({MIC}) Platform
                 Software Stack ({MPSS}) Knights Corner {PCI}* Express
                 Co-processor Card Software Development Platform",
  howpublished = "\url{http://registrationcenter.intel.com/irc_nas/2618/readme.txt}",
}

@InProceedings{fgmpi,
  author =       "Humaira Kamal and Alan Wagner",
  title =        "An integrated runtime scheduler for {MPI}",
  booktitle =    "Proceedings of the 19th European conference on Recent
                 Advances in the Message Passing Interface",
  series =       "EuroMPI'12",
  year =         "2012",
  location =     "Vienna, Austria",
  pages =        "173--182",
  numpages =     "10",
  URL =          "http://dx.doi.org/10.1007/978-3-642-33518-1_22",
  DOI =          "10.1007/978-3-642-33518-1_22",
  acmid =        "2404061",
  publisher =    "Springer-Verlag",
  address =      "Berlin, Heidelberg",
  keywords =     "MPI runtime, MPI-aware scheduler, MPICH2, fine-grain,
                 function-level parallelism",
}

@Misc{intelopenmp,
  title =        "{Intel(R)} {OpenMP} Runtime Library",
  howpublished = "\url{http://www.openmprtl.org}",
  year =         "2013",
  author =       "{Intel Corporation}",
}

@InProceedings{qthread,
  author =       "K. B. Wheeler and R. C. Murphy and D. Thain",
  booktitle =    "Parallel and Distributed Processing, 2008. IPDPS 2008.
                 IEEE International Symposium on",
  title =        "Qthreads: An {API} for programming with millions of
                 lightweight threads",
  year =         "2008",
  pages =        "1--8",
  DOI =          "10.1109/IPDPS.2008.4536359",
  ISSN =         "1530-2075",
}

@Misc{mpi30-report,
  title =        "{{MPI}: {A} Message-Passing Interface Standard}",
  year =         "2012",
  month =        sep,
  howpublished = "\url{http://www.mpi-forum.org/docs/mpi-3.0/mpi30-report.pdf}",
}

@Misc{mvapich,
  title =        "{MVAPICH}: {MPI} over {InfiniBand}, {10GigE\slash
                 iWARP} and {RoCE}",
  howpublished = "\url{http://mvapich.cse.ohio-state.edu}",
  year =         "2014",
  author =       "{The Ohio State University}",
}

@Misc{openmpi,
  title =        "Open {MPI}: Open Source High Performance Computing",
  howpublished = "\url{http://www.open-mpi.org}",
  year =         "2014",
  author =       "{The Open MPI Development Team}",
}

@Misc{intelmpi,
  title =        "Intel {MPI} Library",
  howpublished = "\url{http://software.intel.com/en-us/intel-mpi-library}",
  year =         "2014",
  author =       "{Intel Corporation}",
}

@Book{ibmmpibgp,
  title =        "{IBM} System {Blue Gene} Solution: {Blue Gene/P}
                 Application Development",
  year =         "2013",
  month =        Jun,
  author =       "Megan Gilge",
  publisher =    "IBM",
}

@Book{ibmmpibgq,
  title =        "{IBM} System {Blue Gene} Solution: {Blue Gene/Q}
                 Application Development",
  year =         "2009",
  month =        Aug,
  author =       "Carlos Sosa and Brant Knudson",
  publisher =    "IBM",
}

@TechReport{craympi,
  title =        "{Cray Message Passing Toolkit}",
  author =       "{Cray Inc.}",
  year =         "2004",
  institution =  "Cray Inc.",
  howpublished = "\url{http://docs.cray.com/books/S-3689-24}",
}

@Article{hybrid,
  title =        "Communication and optimization aspects of parallel
                 programming models on hybrid architectures",
  author =       "Rolf Rabenseifner and Gerhard Wellein",
  journal =      "International Journal of High Performance Computing
                 Applications",
  volume =       "17",
  number =       "1",
  pages =        "49--62",
  year =         "2003",
  publisher =    "SAGE Publications",
}

@InProceedings{torsten_hybrid,
  title =        "Hybrid {MPI}: Efficient Message Passing for Multi-core
                 Systems",
  author =       "Andrew Friedley and Greg Bronevetsky and Torsten
                 Hoefler and Andrew Lumsdaine",
  booktitle =    "The International Conference for High Performance
                 Computing, Networking, Storage and Analysis (SC13)",
  year =         "2013",
  month =        nov,
}

@Article{cuda,
  author =       "John Nickolls and Ian Buck and Michael Garland and
                 Kevin Skadron",
  title =        "{Scalable Parallel Programming with CUDA}",
  journal =      "Queue",
  volume =       "6",
  number =       "2",
  month =        mar,
  year =         "2008",
  ISSN =         "1542-7730",
  pages =        "40--53",
  numpages =     "14",
  DOI =          "10.1145/1365490.1365500",
  acmid =        "1365500",
  publisher =    "ACM",
  address =      "New York, NY, USA",
}

@Misc{stampede,
  title =        "{Texas Advanced Computing Center - Stampede
                 supercomputer}",
  howpublished = "https://www.tacc.utexas.edu/stampede/",
}

@Misc{clapack,
  title =        "{CLAPACK (f2c'ed version of LAPACK)}",
  howpublished = "\url{http://www.netlib.org/clapack/}",
}

@InCollection{mpi2-thread,
  year =         "2004",
  booktitle =    "Euro PVM/MPI",
  volume =       "3241",
  series =       "Lecture Notes in Computer Science",
  title =        "{Efficient Implementation of {MPI}-2 Passive One-Sided
                 Communication on {InfiniBand} Clusters}",
  author =       "Weihang Jiang and Jiuxing Liu and Hyun-Wook Jin and
                 DhabaleswarK. Panda and Darius Buntinas and Rajeev
                 Thakur and WilliamD. Gropp",
  pages =        "68--76",
}

@InProceedings{dinan12:armci_mpi,
  author =       "James S. Dinan and Pavan Balaji and Jeffrey R. Hammond
                 and Sriram Krishnamoorthy and Vinod Tipparaju",
  title =        "Supporting the Global Arrays {PGAS} Model using {MPI}
                 One-Sided Communication",
  booktitle =    "IPDPS",
  year =         "2012",
  month =        may,
}

@InCollection{async-p2p,
  year =         "2008",
  booktitle =    "Euro PVM/MPI",
  volume =       "5205",
  series =       "Lecture Notes in Computer Science",
  title =        "{Lock-Free Asynchronous Rendezvous Design for {MPI}
                 Point-to-Point Communication}",
  author =       "Rahul Kumar and Amith R. Mamidala and Matthew J. Koop
                 and Gopal Santhanaraman and Dhabaleswar K. Panda",
  pages =        "185--193",
}

@InProceedings{async-rdmaread,
  title =        "{{RDMA} Read based Rendezvous Protocol for {MPI} over
                 {InfiniBand}: Design Alternatives and Benefits}",
  author =       "Sayantan Sur and Hyun-Wook Jin and Lei Chai and
                 Dhabaleswar K Panda",
  booktitle =    "PPoPP",
  pages =        "32--39",
  year =         "2006",
}

@InProceedings{mva-true-oneside,
  added-at =     "2008-10-31T00:00:00.000+0100",
  author =       "Gopalakrishnan Santhanaraman and Sundeep Narravula and
                 Dhabaleswar K. Panda",
  biburl =       "http://www.bibsonomy.org/bibtex/2b07004e1d9a652fc55e26baa854e190f/dblp",
  booktitle =    "IPDPS",
  date =         "2008-10-31",
  title =        "{Designing Passive Synchronization for {MPI}-2
                 One-Sided Communication to Maximize Overlap}.",
  year =         "2008",
}

@InCollection{opt-onesided-shared-mem,
  year =         "2011",
  booktitle =    "Recent Advances in the Message Passing Interface",
  volume =       "6960",
  series =       "Lecture Notes in Computer Science",
  editor =       "Yiannis Cotronis and Anthony Danalis and DimitriosS.
                 Nikolopoulos and Jack Dongarra",
  DOI =          "10.1007/978-3-642-24449-0_13",
  title =        "{Optimizing MPI One-Sided Communication on Multi-core
                 InfiniBand Clusters Using Shared Memory Backed
                 Windows}",
  URL =          "http://dx.doi.org/10.1007/978-3-642-24449-0_13",
  publisher =    "Springer Berlin Heidelberg",
  keywords =     "MPI; shared memory; one-sided communication",
  author =       "Sreeram Potluri and Hao Wang and Vijay Dhanraj and
                 Sayantan Sur and DhabaleswarK. Panda",
  pages =        "99--109",
}

@Article{mva-onesided-shrd,
  year =         "2010",
  ISSN =         "1865-2034",
  journal =      "Computer Science - Research and Development",
  volume =       "25",
  number =       "1-2",
  DOI =          "10.1007/s00450-010-0115-3",
  title =        "{Designing truly One-Sided MPI-2 RMA Intra-Node
                 Communication on Multi-core Systems}",
  URL =          "http://dx.doi.org/10.1007/s00450-010-0115-3",
  publisher =    "Springer-Verlag",
  keywords =     "MPI-2 RMA; Intra-node communication; Multi-core
                 system",
  author =       "Ping Lai and Sayantan Sur and DhabaleswarK. Panda",
  pages =        "3--14",
  language =     "English",
}

@Conference{native-onesided,
  title =        "{Natively Supporting True One-Sided Communication in
                 MPI on Multi-core Systems with InfiniBand}",
  booktitle =    "IEEE/ACM CCGrid",
  year =         "2009",
  month =        "03/2009",
  author =       "G. Santhanaraman and Pavan Balaji and K.
                 Gopalakrishnan and Rajeev Thakur and W. D. Gropp and D.
                 K. Panda",
}

@Article{thread-safety,
  author =       "William Gropp and Rajeev Thakur",
  title =        "{Thread-safety in an {MPI} Implementation:
                 Requirements and Analysis}",
  journal =      "Parallel Comput.",
  issue_date =   "September, 2007",
  volume =       "33",
  number =       "9",
  month =        sep,
  year =         "2007",
  ISSN =         "0167-8191",
  pages =        "595--604",
  numpages =     "10",
  DOI =          "10.1016/j.parco.2007.07.002",
  acmid =        "1290501",
  publisher =    "Elsevier Science Publishers B. V.",
  address =      "Amsterdam, The Netherlands, The Netherlands",
  keywords =     "MPI implementation, Message-passing interface (MPI),
                 Multithreaded programming, Thread-safety",
}

@InProceedings{pioman1,
  author =       "Fran\c{c}ois Trahay and {\'E}lisabeth Brunet and
                 Alexandre Denis and Raymond Namyst",
  title =        "{A multithreaded communication engine for multicore
                 architectures}",
  booktitle =    "CAC 2008: Workshop on Communication Architecture for
                 Clusters, held in conjunction with IPDPS 2008",
  year =         "2008",
  address =      "Miami, FL",
  month =        APR,
  organization = "IEEE Computer Society Press",
  DOI =          "10.1109/IPDPS.2008.4536139",
  keywords =     "Madeleine, MPI, MadMPI, PIOMan",
  URL =          "http://hal.inria.fr/inria-00224999",
}

@InProceedings{pioman-task,
  author =       "Fran\c{c}ois Trahay AND Alexandre Denis",
  title =        "{A Scalable and Generic Task Scheduling System for
                 Communication Libraries}",
  booktitle =    "IEEE Cluster",
  year =         "2009",
  month =        SEP,
}

@InProceedings{pioman-mt-overhead,
  author =       "Fran\c{c}ois Trahay and {\'E}lisabeth Brunet and
                 Alexandre Denis",
  title =        "{An Analysis of the Impact of Multi-Threading on
                 Communication Performance}",
  booktitle =    "9th Workshop on Communication Architecture for
                 Clusters (CAC)",
  month =        MAY,
  year =         "2009",
  DOI =          "10.1109/IPDPS.2009.5160893",
  keywords =     "Madeleine, MPI, MadMPI, PIOMan",
}

@InCollection{mpc-async,
  year =         "2012",
  booktitle =    "Recent Advances in the Message Passing Interface",
  volume =       "7490",
  series =       "Lecture Notes in Computer Science",
  DOI =          "10.1007/978-3-642-33518-1_9",
  title =        "Improving {MPI} Communication Overlap with
                 Collaborative Polling",
  publisher =    "Springer Berlin Heidelberg",
  keywords =     "HPC; Overlap; MPI; High-Speed Network; Polling",
  author =       "Sylvain Didelot and Patrick Carribault and Marc
                 Pérache and William Jalby",
  pages =        "37--46",
  language =     "English",
}

@InProceedings{async-ipdps2014,
  author =       "Karthikeyan Vaidyanathan and Kiran Pamnany and Dhiraj
                 D. Kalamkar and Alexander Heinecke and Mikhail
                 Smelyanskiy and Jongsoo Park and Daehyun Kim and
                 Aniruddha Shet and G and Bharat Kaul and Balint Joo and
                 Pradeep Dubey",
  title =        "{Improving Communication Performance and Scalability
                 of Native Applications on {Intel Xeon Phi} Coprocessor
                 Clusters}",
  booktitle =    "IPDPS",
  year =         "2014",
}

@TechReport{xpmem,
  title =        "{The {SGI} {Altix} 3000 Global Shared-Memory
                 Architecture}",
  author =       "Michael Woodacre and Derek Robb and Dean Roe and Karl
                 Feind",
  type =         "White paper",
  institution =  "Silicon Graphics, Inc",
  year =         "2003",
  month =        apr,
}

@Book{sparc,
  author =       "CORPORATE {SPARC International, Inc.}",
  title =        "The {SPARC} Architecture Manual (Version 9)",
  year =         "1994",
  publisher =    "Prentice-Hall, Inc.",
  address =      "Upper Saddle River, NJ, USA",
}

@TechReport{DMAPP,
  title =        "Using the {GNI} and {DMAPP} {API}s",
  institution =  "Cray",
  number =       "S-2446-52",
  year =         "2014",
  URL =          "http://docs.cray.com/books/S-2446-51/S-2446-52.pdf",
}

@Misc{NWChem63,
  author =       "E. J. {Bylaska et. al.}",
  title =        "{{NWChem}, A Computational Chemistry Package for
                 Parallel Computers, Version 6.3}",
  year =         "2013",
  copyright =    "Pacific Northwest National Laboratory, Richland,
                 Washington 99352-0999, USA",
}

@Article{Hirata:2003:JPCA:TCE,
  author =       "So Hirata",
  title =        "{{T}ensor {C}ontraction {E}ngine: Abstraction and
                 Automated Parallel Implementation of
                 Configuration-Interaction, Coupled-Cluster, and
                 Many-Body Perturbation Theories}",
  journal =      "J. Phys. Chem. A",
  volume =       "107",
  pages =        "9887--9897",
  year =         "2003",
}

@InProceedings{Apra:2009:SC:NWChem,
  author =       "Edoardo {Apr\`{a} et al.}",
  title =        "{Liquid Water: Obtaining the Right Answer for the
                 Right Reasons}",
  booktitle =    "SC",
  year =         "2009",
}

@Article{CPE:CPE1881,
  author =       "J. R. Hammond and S. Krishnamoorthy and S. Shende and
                 N. A. Romero and A. D. Malony",
  title =        "Performance Characterization of Global Address Space
                 Applications: A Case Study with {NWChem}",
  journal =      "Concurrency and Computation: Practice and Experience",
  volume =       "24",
  number =       "2",
  publisher =    "John Wiley \& Sons, Ltd",
  ISSN =         "1532-0634",
  DOI =          "10.1002/cpe.1881",
  pages =        "135--154",
  keywords =     "performance characterization, global address space,
                 computational chemistry",
  year =         "2012",
}

@InProceedings{GA_SC94,
  author =       "Jaroslaw Nieplocha and Robert J. Harrison and Richard
                 J. Littlefield",
  title =        "{Global Arrays: A Portable ``Shared-Memory''
                 Programming Model for Distributed Memory Computers}",
  booktitle =    "{ACM/IEEE} conference on Supercomputing",
  year =         "1994",
  location =     "Washington, D.C.",
  DOI =          "10.1145/602770.602833",
}

@InProceedings{Jarek_ARMCI_1999a,
  author =       "Jarek Nieplocha and Bryan Carpenter",
  title =        "{ARMCI}: {A} portable remote memory copy library for
                 distributed array libraries and compiler run-time
                 systems",
  booktitle =    "Parallel and Distributed Processing",
  year =         "1999",
  pages =        "533--546",
  DOI =          "10.1007/BFb0097937",
  commentnote =  "\url{http://www.springerlink.com/content/P581340602373484}",
}

@TechReport{hoefler13:mpi3-rma,
  author =       "Torsten Hoefler and James Dinan and Rajeev Thakur and
                 Brian Barrett and Pavan Balaji and William Gropp and
                 Keith Underwood",
  title =        "{Remote Memory Access Programming in {MPI}-3}",
  institution =  "Argonne National Laboratory",
  year =         "2013",
}

@Book{gropp99:using-mpi-2,
  author =       "William Gropp and Ewing Lusk and Rajeev Thakur",
  title =        "Using {MPI}-2: Advanced Features of the
                 {Message-Passing Interface}",
  publisher =    "MIT Press",
  year =         "1999",
}

@InProceedings{mpi-accumulate-am,
  author =       "Xin Zhao and Darius Buntinas and Judicael Zounmevo and
                 James Dinan and David Goodell and Pavan Balaji and
                 Rajeev Thakur and Ahmad Afsahi and William Gropp",
  title =        "Towards Asynchronous and {MPI}-Interoperable Active
                 Messages",
  booktitle =    "IEEE/ACM International Symposium on Cluster Computing
                 and the Grid (CCGRID)",
  year =         "2013",
}

@InProceedings{zounmevo2014intra,
  title =        "{Intra-Epoch Message Scheduling to Exploit Unused or
                 Residual Overlapping Potential}",
  author =       "Judicael A Zounmevo and Ahmad Afsahi",
  booktitle =    "Euro MPI",
  year =         "2014",
}

@InProceedings{bgq-mpi,
  title =        "Scalable {MPI}-3.0 {RMA} on the {Blue Gene/Q}
                 Supercomputer",
  author =       "Sameer Kumar and Michael Blocksome",
  booktitle =    "Euro MPI",
  year =         "2014",
}

@InProceedings{smartmap,
  title =        "{{SMARTMAP}: Operating System Support for Efficient
                 Data Sharing among Processes on a Multi-Core
                 Processor}",
  author =       "Ron Brightwell and Kevin Pedretti and Trammell
                 Hudson",
  booktitle =    "SC",
  year =         "2008",
  organization = "IEEE",
}

@InProceedings{mtmpi,
  title =        "{MT-MPI: Multithreaded MPI for Many-Core
                 Environments}",
  author =       "Min Si and Antonio J Pe{\~n}a and Pavan Balaji and
                 Masamichi Takagi and Yutaka Ishikawa",
  booktitle =    "Proceedings of the 28th ACM international conference
                 on Supercomputing",
  pages =        "125--134",
  year =         "2014",
  organization = "ACM",
}

@InProceedings{casper,
  author =       "Min Si and Antonio J Pe{\~n}a and Jeff Hammond and
                 Pavan Balaji and Masamichi Takagi and Yutaka Ishikawa",
  booktitle =    "Parallel and Distributed Processing, 2015. IPDPS
                 2015.",
  title =        "{Casper: An Asynchronous Progress Model for MPI RMA on
                 Many-Core Architectures }",
  copyright =    "{\textcopyright [2015] IEEE. Reprinted, with
                 permission}",
}

@Article{casper-scaling,
  title =        "{Scaling NWChem with Efficient and Portable
                 Asynchronous Communication in MPI RMA}",
  author =       "Min Si and Antonio J Pe{\~n}a and Jeff Hammond and
                 Pavan Balaji and Yutaka Ishikawa",
  journal =      "Cluster, Cloud and Grid Computing (CCGrid), 2015 15th
                 IEEE/ACM International Symposium",
  year =         "2015",
}

@Article{qmcpack,
  author =       "Jeongnim Kim and Kenneth P Esler and Jeremy McMinis
                 and Miguel A Morales and Bryan K Clark and Luke
                 Shulenburger and David M Ceperley",
  title =        "{Hybrid Algorithms in Quantum Monte Carlo}",
  journal =      "Journal of Physics: Conference Series",
  volume =       "402",
  number =       "1",
  pages =        "012008",
  URL =          "http://stacks.iop.org/1742-6596/402/i=1/a=012008",
  year =         "2012",
}

@Article{swap,
  title =        "{SWAP-Assembler: Scalable and Efficient Genome
                 Assembly Towards Thousands of Cores}",
  author =       "Jintao Meng and Bingqiang Wang and Yanjie Wei and
                 Shengzhong Feng and Pavan Balaji",
  journal =      "BMC bioinformatics",
  volume =       "15",
  number =       "Suppl 9",
  pages =        "S2",
  year =         "2014",
  publisher =    "BioMed Central Ltd",
}
